@article{face,
  author = {Luo Xiao and Vadim Zipunnikov and David Ruppert and Ciprian Crainiceanu},
  title = {Fast covariance estimation for high-dimensional functional data},
  journal = {Statistics and Computing},
  volume = {26},
  number = {1},
  pages = {409-421},
  year = {2016},
  doi = {https://doi.org/10.1007/s11222-014-9485-x}
}


@article{liang1986,
    author = {Liang, Kung-Yee and Zeger, Scott L.},
    title = {Longitudinal data analysis using generalized linear models},
    journal = {Biometrika},
    volume = {73},
    number = {1},
    pages = {13-22},
    year = {1986},
    month = {04},
    issn = {0006-3444},
    doi = {10.1093/biomet/73.1.13},
    url = {https://doi.org/10.1093/biomet/73.1.13},
    eprint = {https://academic.oup.com/biomet/article-pdf/73/1/13/679793/73-1-13.pdf},
}

@article{Laird1982,
 ISSN = {0006341X, 15410420},
 URL = {http://www.jstor.org/stable/2529876},
 author = {Nan M. Laird and James H. Ware},
 journal = {Biometrics},
 number = {4},
 pages = {963--974},
 publisher = {[Wiley, International Biometric Society]},
 title = {Random-Effects Models for Longitudinal Data},
 urldate = {2023-01-17},
 volume = {38},
 year = {1982}
}

@article{lindstrom1990,
 ISSN = {0006341X, 15410420},
 URL = {http://www.jstor.org/stable/2532087},
 author = {Mary J. Lindstrom and Douglas M. Bates},
 journal = {Biometrics},
 number = {3},
 pages = {673--687},
 publisher = {[Wiley, International Biometric Society]},
 title = {Nonlinear Mixed Effects Models for Repeated Measures Data},
 urldate = {2023-01-17},
 volume = {46},
 year = {1990}
}

@book{davidian2003,
 ISSN = {10857117},
 URL = {http://www.jstor.org/stable/1400665},
 number = {4},
 pages = {387--419},
 publisher = {[International Biometric Society, Springer]},
 title = {Nonlinear Models for Repeated Measurement Data: An Overview and Update},
 author = {Marie Davidian and David M. Giltinan},
 urldate = {2023-01-17},
 volume = {8},
 year = {2003}
}

@article{Scheipl2014,
    author = {Fabian Scheipl and Ana-Maria Staicu and Sonja Greven},
    title = {Functional Additive Mixed Models},
    journal = {J Comput Graph Stat},
    volume = {24},
    number = {2},
    pages = {447-501},
    year = {2014},
    month = {Apr},
    doi = {10.1080/10618600.2014.901914}
}

@article{wood2014_gamm4,
  title={gamm4: Generalized additive mixed models using mgcv and lme4},
  author={Simon Wood and Fabian  Scheipl},
  journal={R package version 0.2-3},
  year={2014}
}

@Manual{refundpkg,
    title = {refund: Regression with Functional Data},
    author = {Jeff Goldsmith and Fabian Scheipl and Lei Huang and Julia Wrobel and Chongzhi Di and Jonathan Gellar and Jaroslaw Harezlak and Mathew W. McLean and Bruce Swihart and Luo Xiao and Ciprian Crainiceanu and Philip T. Reiss},
    year = {2022},
    note = {R package version 0.1-28},
    url = {https://CRAN.R-project.org/package=refund},
  }

@article{leroux2016,
    author = {Andrew Leroux and Luo Xiao and Ciprian Crainiceanu and William Checkley},
    title = {Dynamic prediction in functional concurrent regression with an application to child growth},
    journal = {Statistics in medicine},
    volume = {37},
    number = {2},
    pages = {1376–1388},
    year = {2018},
    month = {4}
}

 @Manual{fcrpkg,
    title = {fcr: Functional Concurrent Regression for Sparse Data},
    author = {Andrew Leroux and Luo Xiao and Ciprian Crainiceanu and William Checkly},
    year = {2018},
    note = {R package version 1.0},
    url = {https://CRAN.R-project.org/package=fcr},
}

@article{chiou2012,
    author = {Jeng-Min Chiou},
    title = {Dynamical functional prediction and classification, with application to traffic flow prediction},
    volume = {6},
    journal = {The Annals of Applied Statistics},
    number = {4},
    publisher = {Institute of Mathematical Statistics},
    pages = {1588-1614},
    year = {2012},
    doi = {10.1214/12-AOAS595},
    URL = {https://doi.org/10.1214/12-AOAS595}
}

@article{goldberg2014,
    title = {Predicting the continuation of a function with applications to call center data},
    journal = {Journal of Statistical Planning and Inference},
    volume = {147},
    pages = {53-65},
    year = {2014},
    issn = {0378-3758},
    doi = {https://doi.org/10.1016/j.jspi.2013.11.006},
    url = {https://www.sciencedirect.com/science/article/pii/S0378375813002929},
    author = {Y. Goldberg and Y. Ritov and A. Mandelbaum}
}


@article{kraus2015,
    ISSN = {13697412, 14679868},
    URL = {http://www.jstor.org/stable/24775309},
    author = {David Kraus},
    journal = {Journal of the Royal Statistical Society. Series B (Statistical Methodology)},
    number = {4},
    pages = {777-801},
    publisher = {[Royal Statistical Society, Wiley]},
    title = {Components and completion of partially observed functional data},
    urldate = {2023-01-19},
    volume = {77},
    year = {2015}
}


@article{delaigo2016, 
    author = {A. Delaigle and P. Hall},
    title = {Approximating fragmented functional data by segments of Markov chains},
    journal = {Biometrika},
    volume = {103},
    number = {4},
    pages = {779-799},
    year = {2016},
    month = {11},
    issn = {0006-3444},
    doi = {10.1093/biomet/asw040},
    url = {https://doi.org/10.1093/biomet/asw040},
    eprint = {https://academic.oup.com/biomet/article-pdf/103/4/779/8339131/asw040.pdf},
}

@article{shang2017,
    title = {Functional time series forecasting with dynamic updating: An application to intraday particulate matter concentration},
    journal = {Econometrics and Statistics},
    volume = {1},
    pages = {184-200},
    year = {2017},
    issn = {2452-3062},
    doi = {https://doi.org/10.1016/j.ecosta.2016.08.004},
    url = {https://www.sciencedirect.com/science/article/pii/S2452306216300235},
    author = {Han Lin Shang}
}


@article{chen2013,
    title={A marginal approach to reduced-rank penalized spline smoothing with application to multilevel functional data},
    author={Huaihou Chen and Yuanjia Wang and Myunghee cho Paik and H. Alex Choi},
    journal={J Am Stat Assoc.},
    volume={108},
    number={504},
    pages={1216-1229},
    year={2013},
    doi={10.1080/01621459.2013.826134}   
}


@article{gertheiss2017,
    title={A note on modeling sparse exponential-family functional response curves},
    author={Jan Gertheiss and Jeff Goldsmith and Ana-maria Staicu},
    journal={Comput Stat Data Anal},
    volume={105},
    pages={46-52},
    year={2017},
    doi={10.1016/j.csda.2016.07.010}
}


@article{goldsmith2015,
    title={Generalized multilevel function-on-scalar regression and principal component analysis},
    author={Jeff Goldsmith and Vadim Zipunnikov and Jennifer Schrack},
    journal={Biometrics},
    volume={71},
    number={2},
    pages={344-53},
    year={2015},
    doi={10.1111/biom.12278}
}


@article{linde2019,
    title={A Bayesian latent variable approach to functional principal components analysi with binary and count data},
    author={Angelika van der Linde},
    journal={A StA Adv Stat Anal},
    number = {93},
    pages = {307-333},
    year={2009},
    doi={10.1007/s10182-009-0113-6}
}


@article{wrobel2019,
    author = {Julia Wrobel and Vadim Zipunnikov and Jennifer Schrack and Jeff Goldsmith},
    title = {Registration for exponential family functional data},
    journal = {Biometrics},
    volume = {75},
    number = {1},
    pages = {48-57},
    keywords = {Accelerometers, Alignment, Binary functional data, Functional principal component analysis, Generalized functional data, Warping},
    doi = {https://doi.org/10.1111/biom.12963},
    url = {https://onlinelibrary.wiley.com/doi/abs/10.1111/biom.12963},
    eprint = {https://onlinelibrary.wiley.com/doi/pdf/10.1111/biom.12963},
    year = {2019}
}


@article{suresh2017,
    author = {Krithika Suresh and Jeremy M.G. Taylor and Daniel E. Spratt and Stephanie Daignault and Alexander Tsodikov},
    title = {Comparison of joint modeling and landmarking for dynamic prediction under an illness-death model},
    journal = {Biom J}, 
    volume = {59},
    number = {6},
    pages={1277--1300},
    year = {2017},
    doi = {10.1002/bimj.201600235}
}


@misc{leroux2022,
      title={Fast Generalized Functional Principal Components Analysis}, 
      author={Andrew Leroux and Ciprian Crainiceanu and Julia Wrobel},
      year={2023},
      eprint={2305.02389},
      archivePrefix={arXiv},
      primaryClass={stat.ME},
      url={https://arxiv.org/abs/2305.02389}, 
}

@Manual{GLMMadaptive,
    title = {GLMMadaptive: Generalized Linear Mixed Models using Adaptive Gaussian
Quadrature},
    author = {Dimitris Rizopoulos},
    year = {2022},
    note = {R package version 0.8-5},
    url = {https://CRAN.R-project.org/package=GLMMadaptive},
  }


@article{lme4,
    title = {Fitting Linear Mixed-Effects Models Using {lme4}},
    author = {Douglas Bates and Martin M{\"a}chler and Ben Bolker and Steve Walker},
    journal = {Journal of Statistical Software},
    year = {2015},
    volume = {67},
    number = {1},
    pages = {1--48},
    doi = {10.18637/jss.v067.i01},
}

@Manual{nlme,
    title = {nlme: Linear and Nonlinear Mixed Effects Models},
    author = {José Pinheiro and Douglas Bates and {R Core Team}},
    year = {2022},
    note = {R package version 3.1-160},
    url = {https://CRAN.R-project.org/package=nlme},
  }

@Article{preprocess,
author="Karas, Marta
and Muschelli, John
and Leroux, Andrew
and Urbanek, Jacek K
and Wanigatunga, Amal A
and Bai, Jiawei
and Crainiceanu, Ciprian M
and Schrack, Jennifer A",
title="Comparison of Accelerometry-Based Measures of Physical Activity: Retrospective Observational Data Analysis Study",
journal="JMIR Mhealth Uhealth",
year="2022",
month="Jul",
day="22",
volume="10",
number="7",
pages="e38077",
keywords="accelerometry; actigraphy; activity counts; wearable computing; monitor-independent movement summary; MIMS; physical activity; aging; older adult population; wearable device; health monitoring; digital health; wearable technology; health technology",
issn="2291-5222",
doi="10.2196/38077",
url="https://mhealth.jmir.org/2022/7/e38077",
url="https://doi.org/10.2196/38077",
url="http://www.ncbi.nlm.nih.gov/pubmed/35867392"
}

@Article{Koster2016,
author="Annemarie Koster and Eric J Shiroma and Paolo Caserotti and Charles E Matthews and Kong Y. Chen and Nancy W Glynn and Tamara B Harris",
title="Comparison of Sedentary Estimates between activPAL and Hip- and Wrist-Worn 
      ActiGraph",
year="2016",
month="08",
volume="48",
number="8",
pages="1514--1522",
journal = {Med Sci Sports Exerc},
doi="10.1249/MSS.0000000000000924"
}


@misc{fGFPCA,
      title={Fast Generalized Functional Principal Components Analysis}, 
      author={Andrew Leroux and Ciprian Crainiceanu and Julia Wrobel},
      year={2023},
      eprint={2305.02389},
      archivePrefix={arXiv},
      primaryClass={stat.ME}
}


@article{wood2014,
    author = {Wood, Simon N. and Goude, Yannig and Shaw, Simon},
    title = "{Generalized Additive Models for Large Data Sets}",
    journal = {Journal of the Royal Statistical Society Series C: Applied Statistics},
    volume = {64},
    number = {1},
    pages = {139-155},
    year = {2014},
    month = {05},
    issn = {0035-9254},
    doi = {10.1111/rssc.12068},
    url = {https://doi.org/10.1111/rssc.12068},
    eprint = {https://academic.oup.com/jrsssc/article-pdf/64/1/139/49402374/jrsssc\_64\_1\_139.pdf},
}

@article{li2020,
    author = {Li, Zheyuan and Wood, Simon N.},
    title = "{Faster model matrix crossproducts for large generalized linear models with discretized covariates}",
    journal = {Stat Comput},
    volume = {30},
    pages = {19-25},
    year = {2020},
    doi = {https://doi.org/10.1007/s11222-019-09864-2}
}

@article{zhou2024,
      title={Analysis of Active/Inactive Patterns in the NHANES Data using Generalized Multilevel Functional Principal Component Analysis}, 
      author={Xinkai Zhou and Julia Wrobel and Ciprian M. Crainiceanu and Andrew Leroux},
      year={2024},
      eprint={2311.14054},
      archivePrefix={arXiv},
      primaryClass={stat.ME},
      url={https://arxiv.org/abs/2311.14054}, 
}

@article{hall2018,
    author = {Hall, Peter and Müller, Hans-Georg and Yao, Fang},
    title = "{Modelling Sparse Generalized Longitudinal Observations with Latent Gaussian Processes}",
    journal = {Journal of the Royal Statistical Society Series B: Statistical Methodology},
    volume = {70},
    number = {4},
    pages = {703-723},
    year = {2008},
    month = {05},
    issn = {1369-7412},
    doi = {10.1111/j.1467-9868.2008.00656.x},
    url = {https://doi.org/10.1111/j.1467-9868.2008.00656.x},
    eprint = {https://academic.oup.com/jrsssb/article-pdf/70/4/703/49796065/jrsssb\_70\_4\_703.pdf}
}

@article{Li2018,
    author = {Li, Gen and Huang, Jianhua Z. and Shen, Haipeng},
    title = "{Exponential Family Functional Data Analysis via a Low-Rank Model}",
    journal = {Biometrics},
    volume = {74},
    number = {4},
    pages = {1301-1310},
    year = {2018},
    month = {05},
    issn = {0006-341X},
    doi = {10.1111/biom.12885},
    url = {https://doi.org/10.1111/biom.12885},
    eprint = {https://academic.oup.com/biometrics/article-pdf/74/4/1301/55807044/biom12885-sup-0001-suppdata.pdf}
}

@article{Wrobel2018,
doi = {10.21105/joss.00557}, 
url = {https://doi.org/10.21105/joss.00557}, year = {2018}, 
publisher = {The Open Journal}, 
volume = {3}, 
number = {22}, 
pages = {557}, 
author = {Julia Wrobel}, 
title = {register: Registration for Exponential Family Functional Data}, 
journal = {Journal of Open Source Software}}


@article{weishampel2023,
title = {Classification of social media users with generalized functional data analysis},
journal = {Computational Statistics \& Data Analysis},
volume = {179},
pages = {107647},
year = {2023},
issn = {0167-9473},
doi = {https://doi.org/10.1016/j.csda.2022.107647},
url = {https://www.sciencedirect.com/science/article/pii/S0167947322002274},
author = {Anthony Weishampel and Ana-Maria Staicu and William Rand},
keywords = {Functional data, Classification, Binary series, Social media}
}

@article{Rizopoulos2017,
author = {Rizopoulos, Dimitris and Molenberghs, Geert and Lesaffre, Emmanuel M.E.H.},
title = {Dynamic predictions with time-dependent covariates in survival analysis using joint modeling and landmarking},
journal = {Biometrical Journal},
volume = {59},
number = {6},
pages = {1261-1276},
keywords = {Calibration, Discrimination, Prognostic modeling, Random effects, Risk prediction},
doi = {https://doi.org/10.1002/bimj.201600238},
url = {https://onlinelibrary.wiley.com/doi/abs/10.1002/bimj.201600238},
eprint = {https://onlinelibrary.wiley.com/doi/pdf/10.1002/bimj.201600238},
year = {2017}
}

@article{Rizopoulos2011,
    author = {Rizopoulos, Dimitris},
    title = "{Dynamic Predictions and Prospective Accuracy in Joint Models for Longitudinal and Time-to-Event Data}",
    journal = {Biometrics},
    volume = {67},
    number = {3},
    pages = {819-829},
    year = {2011},
    month = {02},
    issn = {0006-341X},
    doi = {10.1111/j.1541-0420.2010.01546.x},
    url = {https://doi.org/10.1111/j.1541-0420.2010.01546.x},
    eprint = {https://academic.oup.com/biometrics/article-pdf/67/3/819/53155811/biometrics\_67\_3\_819.pdf},
}


@article{vanHouwelingen2007,
  title={Dynamic prediction by landmarking in event history analysis},
  author={Van Houwelingen, Hans C},
  journal={Scandinavian Journal of Statistics},
  volume={34},
  number={1},
  pages={70--85},
  year={2007},
  publisher={Wiley Online Library}
}

@misc{nhanes,
    key = {Centers for Disease Control and Prevention (CDC). National Center for Health Statistics (NCHS). National Health and Nutrition Examination Survey Data. Hyattsville, MD: U.S. Department of Health and Human Services, Centers for Disease Control and Prevention, 2011-2014, https://wwwn.cdc.gov/Nchs/Nhanes/2011-2012/PAXMIN_G.htm.,}
}

@book{fdaR2024,
    author = { Ciprian M. Crainiceanu and Jeff Goldsmith and Andrew Leroux and Erjia Cui},
    title = {Functional Data Analysis with R},
    publisher = {Chapman and Hall/CRC},
    year = {2024}
}

@book{fda2005,
    author = {J. O. Ramsay and B. W. Silverman},
    title = {Functional Data Analysis},
    publisher = {Springer New York, NY},
    year = {2005}
}

@misc{Stringer2023,
      title={Approximate Marginal Likelihood Inference in Mixed Models for Grouped Data}, 
      author={Alex Stringer},
      year={2023},
      eprint={2310.01589},
      archivePrefix={arXiv},
      primaryClass={stat.ME},
      url={https://arxiv.org/abs/2310.01589}, 
}

% GFOSR
@article{Reiss2010,
url = {https://doi.org/10.2202/1557-4679.1246},
title = {Fast Function-on-Scalar Regression with Penalized Basis Expansions},
author = {Philip T. Reiss and Lei Huang and Maarten Mennes},
volume = {6},
number = {1},
journal = {The International Journal of Biostatistics},
doi = {doi:10.2202/1557-4679.1246},
year = {2010},
lastchecked = {2024-11-05}
}

@article{Bauer2018,
author = {Bauer, Alexander and Scheipl, Fabian and Küchenhoff, Helmut and Gabriel, Alice-Agnes},
year = {2018},
month = {01},
pages = {1471082X1774803},
title = {An introduction to semiparametric function-on-scalar regression},
volume = {18},
journal = {Statistical Modelling: An International Journal},
doi = {10.1177/1471082X17748034}
}

@article{Morris2015,
   author = "Morris, Jeffrey S.",
   title = "Functional Regression", 
   journal= "Annual Review of Statistics and Its Application",
   year = "2015",
   volume = "2",
   number = "Volume 2, 2015",
   pages = "321-359",
   doi = "https://doi.org/10.1146/annurev-statistics-010814-020413",
   url = "https://www.annualreviews.org/content/journals/10.1146/annurev-statistics-010814-020413",
   publisher = "Annual Reviews",
   issn = "2326-831X",
   type = "Journal Article"
  }

% FOFR

@article{Goldsmith2011,
author = {Jeff Goldsmith and Jennifer Bobb and Ciprian M. Crainiceanu and Brian Caffo and Daniel Reich},
title = {Penalized Functional Regression},
journal = {Journal of Computational and Graphical Statistics},
volume = {20},
number = {4},
pages = {830--851},
year = {2011},
publisher = {ASA Website},
doi = {10.1198/jcgs.2010.10007}
}

% DLM
@article{Baek2022,
author = {Baek, ChaeWon and Lee, Byoungchan},
title = {A Guide to Autoregressive Distributed Lag Models for Impulse Response Estimations},
journal = {Oxford Bulletin of Economics and Statistics},
volume = {84},
number = {5},
pages = {1101-1122},
doi = {https://doi.org/10.1111/obes.12494},
url = {https://onlinelibrary.wiley.com/doi/abs/10.1111/obes.12494},
eprint = {https://onlinelibrary.wiley.com/doi/pdf/10.1111/obes.12494},
year = {2022}
}


