@article{liang1986,
    author = {LIANG, KUNG-YEE and ZEGER, SCOTT L.},
    title = {Longitudinal data analysis using generalized linear models},
    journal = {Biometrika},
    volume = {73},
    number = {1},
    pages = {13-22},
    year = {1986},
    month = {04},
    issn = {0006-3444},
    doi = {10.1093/biomet/73.1.13},
    url = {https://doi.org/10.1093/biomet/73.1.13},
    eprint = {https://academic.oup.com/biomet/article-pdf/73/1/13/679793/73-1-13.pdf},
}

@article{Laird1982,
 ISSN = {0006341X, 15410420},
 URL = {http://www.jstor.org/stable/2529876},
 author = {Nan M. Laird and James H. Ware},
 journal = {Biometrics},
 number = {4},
 pages = {963--974},
 publisher = {[Wiley, International Biometric Society]},
 title = {Random-Effects Models for Longitudinal Data},
 urldate = {2023-01-17},
 volume = {38},
 year = {1982}
}

@article{lindstrom1990,
 ISSN = {0006341X, 15410420},
 URL = {http://www.jstor.org/stable/2532087},
 author = {Mary J. Lindstrom and Douglas M. Bates},
 journal = {Biometrics},
 number = {3},
 pages = {673--687},
 publisher = {[Wiley, International Biometric Society]},
 title = {Nonlinear Mixed Effects Models for Repeated Measures Data},
 urldate = {2023-01-17},
 volume = {46},
 year = {1990}
}

@article{davidian2003,
 ISSN = {10857117},
 URL = {http://www.jstor.org/stable/1400665},
 number = {4},
 pages = {387--419},
 publisher = {[International Biometric Society, Springer]},
 title = {Nonlinear Models for Repeated Measurement Data: An Overview and Update},
 urldate = {2023-01-17},
 volume = {8},
 year = {2003}
}

@article{Scheipl2014,
    author = {Fabian Scheipl and Ana-Maria Staicu and Sonja Greven},
    title = {Functional Additive Mixed Models},
    journal = {J Comput Graph Stat},
    volume = {24},
    number = {2},
    pages = {447-501},
    year = {2014},
    month = {Apr},
    doi = {10.1080/10618600.2014.901914}
}

@article{leroux2016,
    author = {Andrew Leroux and Luo Xiao and Ciprian Crainiceanu and William Checkley},
    title = {Dynamic prediction in functional concurrent regression with an application to child growth},
    journal = {Statistics in medicine},
    volume = {37},
    number = {2},
    pages = {1376–1388},
    year = {2018},
    month = {Apr}
}

@article{chiou2012,
    author = {Jeng-Min Chiou},
    title = {Dynamical functional prediction and classification, with application to traffic flow prediction},
    volume = {6},
    journal = {The Annals of Applied Statistics},
    number = {4},
    publisher = {Institute of Mathematical Statistics},
    pages = {1588-1614},
    year = {2012},
    doi = {10.1214/12-AOAS595},
    URL = {https://doi.org/10.1214/12-AOAS595}
}

@article{goldberg2014,
    title = {Predicting the continuation of a function with applications to call center data},
    journal = {Journal of Statistical Planning and Inference},
    volume = {147},
    pages = {53-65},
    year = {2014},
    issn = {0378-3758},
    doi = {https://doi.org/10.1016/j.jspi.2013.11.006},
    url = {https://www.sciencedirect.com/science/article/pii/S0378375813002929},
    author = {Y. Goldberg and Y. Ritov and A. Mandelbaum}
}


@article{kraus2015,
    ISSN = {13697412, 14679868},
    URL = {http://www.jstor.org/stable/24775309},
    author = {David Kraus},
    journal = {Journal of the Royal Statistical Society. Series B (Statistical Methodology)},
    number = {4},
    pages = {777-801},
    publisher = {[Royal Statistical Society, Wiley]},
    title = {Components and completion of partially observed functional data},
    urldate = {2023-01-19},
    volume = {77},
    year = {2015}
}


@article{delaigo2016, 
    author = {A. Delaigle and P. Hall},
    title = {Approximating fragmented functional data by segments of Markov chains},
    journal = {Biometrika},
    volume = {103},
    number = {4},
    pages = {779-799},
    year = {2016},
    month = {11},
    issn = {0006-3444},
    doi = {10.1093/biomet/asw040},
    url = {https://doi.org/10.1093/biomet/asw040},
    eprint = {https://academic.oup.com/biomet/article-pdf/103/4/779/8339131/asw040.pdf},
}

@article{shang2017,
    title = {Functional time series forecasting with dynamic updating: An application to intraday particulate matter concentration},
    journal = {Econometrics and Statistics},
    volume = {1},
    pages = {184-200},
    year = {2017},
    issn = {2452-3062},
    doi = {https://doi.org/10.1016/j.ecosta.2016.08.004},
    url = {https://www.sciencedirect.com/science/article/pii/S2452306216300235},
    author = {Han Lin Shang}
}


@article{chen2013,
    title={A marginal approach to reduced-rank penalized spline smoothing with application to multilevel functional data},
    author={Huaihou Chen and Yuanjia Wang and Myunghee cho Paik and H. Alex Choi},
    journal={J Am Stat Assoc.},
    volume={108},
    number={504},
    pages={1216-1229},
    year={2013},
    doi={10.1080/01621459.2013.826134}   
}


@article{gertheiss2016,
    title={A note on modeling sparse exponential-family functional response curves},
    author={Jan Gertheiss and Jeff Goldsmith and Ana-maria Staicu},
    journal={Comput Stat Data Anal},
    volume={105},
    pages={46-52},
    year={2016},
    doi={10.1016/j.csda.2016.07.010}
}


@article{hall2018,
    author = {Peter Hall and Hans-Georg Müller and Fang Yao},
    title = {Modelling sparse generalized longitudinal observations with latent Gaussian processes},
    journal = {Journal of the Royal Statistical Society: Series B (Statistical Methodology)},
    volume = {70},
    number = {4},
    pages = {703-723},
    doi = {https://doi.org/10.1111/j.1467-9868.2008.00656.x},
    url = {https://rss.onlinelibrary.wiley.com/doi/abs/10.1111/j.1467-9868.2008.00656.x},
    eprint = {https://rss.onlinelibrary.wiley.com/doi/pdf/10.1111/j.1467-9868.2008.00656.x},
    year = {2008}
}


@article{goldsmith2015,
    title={Generalized multilevel function-on-scalar regression and principal component analysis},
    author={Jeff Goldsmith and Vadim Zipunnikov and Jennifer Schrack},
    journal={Biometrics},
    volume={71},
    number={2},
    pages={344-53},
    year={2015},
    doi={10.1111/biom.12278}
}


@article{linde2019,
    title={A Bayesian latent variable approach to functional principal components analysi with binary and count data},
    author={van der Linde},
    journal={A StA Adv Stat Anal},
    number = {93},
    pages = {307-333},
    year={2009},
    doi={10.1007/s10182-009-0113-6}
}


@article{wrobel2019,
    author = {Julia Wrobel and Vadim Zipunnikov and Jennifer Schrack and Jeff Goldsmith},
    title = {Registration for exponential family functional data},
    journal = {Biometrics},
    volume = {75},
    number = {1},
    pages = {48-57},
    keywords = {Accelerometers, Alignment, Binary functional data, Functional principal component analysis, Generalized functional data, Warping},
    doi = {https://doi.org/10.1111/biom.12963},
    url = {https://onlinelibrary.wiley.com/doi/abs/10.1111/biom.12963},
    eprint = {https://onlinelibrary.wiley.com/doi/pdf/10.1111/biom.12963},
    year = {2019}
}


@article{suresh2017,
    author = {Krithika Suresh and Jeremy M.G. Taylor and Daniel E. Spratt and Stephanie Daignault and Alexander Tsodikov},
    title = {Comparison of joint modeling and landmarking for dynamic prediction under an illness-death model},
    journal = {Biom J}, 
    volume = {59},
    number = {6},
    pages={1277--1300},
    year = {2017},
    doi = {10.1002/bimj.201600235}
}


@article{leroux2022,
    author={Andrew Leroux and Cipirian M. Crainiceanu and Julia Wrobel},
    title={Fast Generalized Functional Principal Component Analysis}
}

@Manual{GLMMadaptive,
    title = {GLMMadaptive: Generalized Linear Mixed Models using Adaptive Gaussian
Quadrature},
    author = {Dimitris Rizopoulos},
    year = {2022},
    note = {R package version 0.8-5},
    url = {https://CRAN.R-project.org/package=GLMMadaptive},
  }

@article{bothwell2022,
    author = {Samantha Bothwell and Alex Kaizer and Victoria Catenacci and Julia Wrobel},
    title = {Pattern-based clustering of daily weigh-in trajectories using dynamic time warping},
    journal = {Biometrics}, 
    year = {2022},
    doi = {10.1111/biom.13773}
}

@article{ostendorf2022,
    author = {Danielle M Ostendorf and Ann E Caldwell and Adnin Zaman and Zhaoxing Pan and Kristen Bing and Liza T Wayland and Seth A Creasy and Daniel H Bessesen and Paul MacLean and Edward L Melanson and Victoria A Catenacci},
    title = {Comparison of weight loss induced by daily caloric restriction versus intermittent fasting (DRIFT) in individuals with obesity: study protocol for a 52-week randomized clinical trial},
    journal = {Trials}, 
    year = {2022},
    volume = {23},
    number = {1},
    pages={718},
    doi = {10.1186/s13063-022-06523-2.}
}